@article{warner2017yielding,
  title={Yielding healthy community with sport?},
  author={Warner, S. and Sparvero, E. and Shapiro, S. and Anderson, A.},
  journal={Journal of Sport for Development},
  volume={5},
  number={8},
  year={2017},
  pages={41--52}
}

@misc{reactdocs,
  howpublished = {\url{https://devdocs.io/react/}},
  title        = {React hivatalos dokumentáció},
  note         = {[Hozzáférés ideje: 2024. 04. 14]}
}

@misc{typescriptdocs,
  howpublished = {\url{https://www.typescriptlang.org/docs/}},
  title        = {TypeScript hivatalos dokumentáció},
  note         = {[Hozzáférés ideje: 2024. 04. 14]}
}

@misc{dotnetnocs,
  howpublished = {\url{https://docs.microsoft.com/en-us/dotnet/}},
  title        = {.NET hivatalos dokumentáció},
  note         = {[Hozzáférés ideje: 2024. 04. 14]}
}

@misc{csharpdocs,
  howpublished = {\url{https://docs.microsoft.com/en-us/dotnet/csharp/}},
  title        = {C\# hivatalos dokumentáció},
  note         = {[Hozzáférés ideje: 2024. 04. 14]}
}

@misc{entityframeworkdocs,
  howpublished = {\url{https://docs.microsoft.com/en-us/ef/}},
  title        = {Entity Framework hivatalos dokumentáció},
  note         = {[Hozzáférés ideje: 2024. 04. 14]}
}

@misc{sqlserverdocs,
  howpublished = {\url{https://docs.microsoft.com/en-us/sql/}},
  title        = {SQL Server hivatalos dokumentáció},
  note         = {[Hozzáférés ideje: 2024. 04. 14]}
}

@misc{restfuldocs,
  howpublished = {\url{https://restfulapi.net/}},
  title        = {RESTful API hivatalos dokumentáció},
  note         = {[Hozzáférés ideje: 2024. 04. 14]}
}

@misc{onionarchitecturedocs,
  howpublished = {\url{https://docs.microsoft.com/en-us/dotnet/architecture/modern-web-apps-azure/common-web-application-architectures}},
  title        = {Onion Architecture - Microsoft dokumentáció},
  note         = {[Hozzáférés ideje: 2024. 04. 14]}
}

@misc{inversionofcontroldocs,
  howpublished = {\url{https://docs.microsoft.com/en-us/aspnet/core/fundamentals/dependency-injection}},
  title        = {Inversion of Control - Microsoft dokumentáció},
  note         = {[Hozzáférés ideje: 2024. 04. 14]}
}

@misc{relationaldatabasedocs,
  howpublished = {\url{https://docs.digitalocean.com/glossary/relational-db/}},
  title        = {Relational Database - DigitalOcean áttekintés},
  note         = {[Hozzáférés ideje: 2024. 04. 14]}
}

@misc{codefirstapproachdocs,
  howpublished = {\url{https://docs.microsoft.com/en-us/ef/ef6/modeling/code-first/workflows/new-database}},
  title        = {Code First Approach - Microsoft dokumentáció},
  note         = {[Hozzáférés ideje: 2024. 04. 14]}
}

@misc{crudoperationdocs,
  howpublished = {\url{https://learn.microsoft.com/en-us/iis-administration/api/crud}},
  title        = {CRUD műveletek - Microsoft áttekintés},
  note         = {[Hozzáférés ideje: 2024. 04. 14]}
}

@misc{httpsdocs,
  howpublished = {\url{https://developer.mozilla.org/en-US/docs/Web/HTTP}},
  title        = {HTTP - Mozilla dokumentáció},
  note         = {[Hozzáférés ideje: 2024. 04. 14]}
}

@misc{dtodocsmicrosoft,
  howpublished = {\url{https://learn.microsoft.com/en-us/aspnet/web-api/overview/data/using-web-api-with-entity-framework/part-5}},
  title        = {DTO - Microsoft dokumentáció},
  note         = {[Hozzáférés ideje: 2024. 04. 14]}
}

@misc{jsondocs,
  howpublished = {\url{https://www.json.org/json-en.html}},
  title        = {JSON hivatalos dokumentáció},
  note         = {[Hozzáférés ideje: 2024. 04. 14]}
}

@misc{authflowsdocs,
  howpublished = {\url{https://auth0.com/docs/flows}},
  title        = {Authentikációs folyamatok - Auth0 dokumentáció},
  note         = {[Hozzáférés ideje: 2024. 04. 14]}
}

@misc{jwtdocs,
  howpublished = {\url{https://jwt.io/introduction/}},
  title        = {JWT - JSON Web Token áttekintés},
  note         = {[Hozzáférés ideje: 2024. 04. 14]}
}

@misc{javascriptdocsmozilla,
  howpublished = {\url{https://developer.mozilla.org/en-US/docs/Web/JavaScript}},
  title        = {JavaScript - Mozilla dokumentáció},
  note         = {[Hozzáférés ideje: 2024. 04. 14]}
}

@misc{singlepageapplicationdocs,
  howpublished = {\url{https://learn.microsoft.com/en-us/entra/identity-platform/index-spa}},
  title        = {Single Page Application - Microsoft dokumentáció},
  note         = {[Hozzáférés ideje: 2024. 04. 14]}
}

@misc{vitedocs, 
  howpublished = {\url{https://devdocs.io/vite/}},
  title        = {Vite hivatalos dokumentáció},
  note         = {[Hozzáférés ideje: 2024. 04. 14]}
}

@misc{swrdocs, 
  howpublished = {\url{https://swr.vercel.app/}},
  title        = {SWR hivatalos dokumentáció},
  note         = {[Hozzáférés ideje: 2024. 04. 14]}
}

@misc{reactrouterdocs,
  howpublished = {\url{https://reactrouter.com/}},
  title        = {React Router hivatalos dokumentáció},
  note         = {[Hozzáférés ideje: 2024. 04. 14]}
}

@misc{paginationdocs,
  howpublished = {\url{https://www.techtarget.com/whatis/definition/pagination}},
  title        = {Pagination - TechTarget áttekintés},
  note         = {[Hozzáférés ideje: 2024. 06. 07]}
}